@book{book,
author = {Quintero-Riaza, Héctor and Mejia, Adriana and Díaz-Rodríguez, Miguel and Holguín, Germán and López, Marlon and Mesa, Carlos and Peña, Giancarlo},
year = {2018},
month = {08},
pages = {},
title = {Manipuladores paralelos: Síntesis, análisis y aplicaciones},
isbn = {978-958-722-317-0}
}